@article{einstein,
  author =       "Albert Einstein",
  title =        "{Zur Elektrodynamik bewegter K{\"o}rper}. ({German})
                 [{On} the electrodynamics of moving bodies]",
  journal =      "Annalen der Physik",
  volume =       "322",
  number =       "10",
  pages =        "891--921",
  year =         "1905",
  DOI =          "http://dx.doi.org/10.1002/andp.19053221004"
}

@book{latexcompanion,
    author    = "Michel Goossens and Frank Mittelbach and Alexander Samarin",
    title     = "The \LaTeX\ Companion",
    year      = "1993",
    publisher = "Addison-Wesley",
    address   = "Reading, Massachusetts"
}

@misc{knuthwebsite,
    author    = "Donald Knuth",
    title     = "Knuth: Computers and Typesetting",
    url       = "http://www-cs-faculty.stanford.edu/\~{}uno/abcde.html"
}

@misc{wakefield1998retracted,
      title={RETRACTED: Ileal-lymphoid-nodular hyperplasia, non-specific colitis, and pervasive developmental disorder in children},
        author={Wakefield, Andrew J and Murch, Simon H and Anthony, Andrew and Linnell, John and Casson, David M and Malik, Mohsin and Berelowitz, Mark and Dhillon, Amar P and Thomson, Michael A and Harvey, Peter and others},
          year={1998},
            publisher={Elsevier}
}


@article{shannon1948,
    author = {Shannon, Claude E.},
    ee = {https://doi.org/10.1002/j.1538-7305.1948.tb01338.x},
    interhash = {754130207906fcec16a53d330eeff348},
    intrahash = {80fb334c7e773fb1f078398c98a338dd},
    journal = {Bell Syst. Tech. J.},
    keywords = {dblp},
    number = 3,
    pages = {379-423},
    title = {A mathematical theory of communication.},
    url = {http://dblp.uni-trier.de/db/journals/bstj/bstj27.html#Shannon48},
    volume = 27,
    year = 1948
}

@article{jones1972statistical,
    title={A statistical interpretation of term specificity and its application in retrieval},
    author={Jones, Karen Sparck},
    journal={Journal of documentation},
    year={1972},
    publisher={MCB UP Ltd}
}

@misc{sixt2019explanations,
    title={When Explanations Lie: Why Many Modified BP Attributions Fail},
    author={Leon Sixt and Maximilian Granz and Tim Landgraf},
    year={2019},
    eprint={1912.09818},
    archivePrefix={arXiv},
    primaryClass={cs.LG}
}
@inproceedings{tishby2015deep,
    title={Deep learning and the information bottleneck principle},
    author={Tishby, Naftali and Zaslavsky, Noga},
    booktitle={2015 IEEE Information Theory Workshop (ITW)},
    pages={1--5},
    year={2015},
    organization={IEEE}
}

@article{kim2017interpretability,
    title={Interpretability beyond feature attribution: Quantitative testing with concept activation vectors (tcav)},
    author={Kim, Been and Wattenberg, Martin and Gilmer, Justin and Cai, Carrie and Wexler, James and Viegas, Fernanda and Sayres, Rory},
    journal={arXiv preprint arXiv:1711.11279},
    year={2017}
}

@article{smith2014honey,
    title={Honey bee sting pain index by body location},
    author={Smith, Michael L},
    journal={PeerJ},
    volume={2},
    pages={e338},
    year={2014},
    publisher={PeerJ Inc.}
}


@inproceedings{zhang20167kissing,
    author = {Zhang, Emma Yann and Cheok, Adrian David},
    title = {Forming Intimate Human-Robot Relationships Through A Kissing Machine},
    year = {2016},
    isbn = {9781450345088},
    publisher = {Association for Computing Machinery},
    address = {New York, NY, USA},
    url = {https://doi.org/10.1145/2974804.2980513},
    doi = {10.1145/2974804.2980513},
    booktitle = {Proceedings of the Fourth International Conference on Human Agent Interaction},
    pages = {233–234},
    numpages = {2},
    keywords = {human-robot kissing, haptic device, kissing machine, affective communication, remote kissing},
    location = {Biopolis, Singapore},
    series = {HAI ’16}
}

@inproceedings{le1989gemini,
    title={GEMINI: gradient estimation through matrix inversion after noise injection},
    author={Le Cun, Yann and Galland, Conrad C and Hinton, Geoffrey E},
    booktitle={Advances in neural information processing systems},
    pages={141--148},
      year={1989}
}


@inproceedings{nakanishi2014remote,
    author = {Nakanishi, Hideyuki and Tanaka, Kazuaki and Wada, Yuya},
    title = {Remote Handshaking: Touch Enhances Video-Mediated Social Telepresence},
    year = {2014},
    isbn = {9781450324731},
    publisher = {Association for Computing Machinery},
    address = {New York, NY, USA},
    url = {https://doi.org/10.1145/2556288.2557169},
    doi = {10.1145/2556288.2557169},
    booktitle = {Proceedings of the SIGCHI Conference on Human Factors in Computing Systems},
    pages = {2143–2152},
    numpages = {10},
    keywords = {social telepresence, social touch, video-mediated communication, haptic devices, videoconferencing, humanoid robots, social interaction},
    location = {Toronto, Ontario, Canada},
    series = {CHI ’14}
}

@article{watson1953molecular,
    title={Molecular structure of nucleic acids},
    author={Watson, James D and Crick, Francis HC and others},
    journal={Nature},
    volume={171},
    number={4356},
    pages={737--738},
    year={1953}
}

@article{blei2003latent,
    title={Latent dirichlet allocation},
    author={Blei, David M and Ng, Andrew Y and Jordan, Michael I},
    journal={Journal of machine Learning research},
    volume={3},
    number={Jan},
    pages={993--1022},
    year={2003}
}

@article{kingma2013auto,
    title={Auto-encoding variational bayes},
    author={Kingma, Diederik P and Welling, Max},
    journal={arXiv preprint arXiv:1312.6114},
    year={2013}
}

@article{van2014difference,
    title={What a difference a colon makes: How superficial factors influence subsequent citation},
    author={Van Wesel, Maarten and Wyatt, Sally and ten Haaf, Jeroen},
    journal={Scientometrics},
    volume={98},
    number={3},
    pages={1601--1615},
    year={2014},
    publisher={Springer}
}


@inproceedings{adebayo2018sanity,
    title={Sanity checks for saliency maps},
    author={Adebayo, Julius and Gilmer, Justin and Muelly, Michael and Goodfellow, Ian and Hardt, Moritz and Kim, Been},
    booktitle={Advances in Neural Information Processing Systems},
    pages={9505--9515},
    year={2018}
}

